@article{Bigioni_2006_Kinet,
author = {Terry P. Bigioni and Xiao-Min Lin and Toan T. Nguyen and Eric I. Corwin and Thomas A. Witten and Heinrich M. Jaeger},
title = {Kinetically driven self assembly of highly ordered nanoparticle monolayers},
journal = {Nature Materials},
year = 2006,
volume = 5,
pages = {265-270},
doi = {10.1038/nmat1611},
}
@article{Russier_2001_Calcu,
author = {V. Russier},
title = {Calculated magnetic properties of two-dimensional arrays of nanoparticles at vanishing temperature},
journal = {Journal of Applied Physics},
year = 2001,
volume = 89,
number = 2,
pages = {1287-1294},
doi = {10.1063/1.1333034},
}
@article{Sears_1992_Neutr,
author = {Varley F. Sears},
title = {Neutron scattering lengths and cross sections},
journal = {Neutron News},
year = 1992,
volume = 3,
number = 3,
pages = {26-37},
doi = {10.1080/10448639208218770},
}
@article{Varon_2013_Dipol,
author = {M. Varon and M. Beleggia and T. Kasama and R. J. Harrison and R. E. Dunin-Borkowski and V. F. Puntes and C. Frandsen},
title = {Dipolar Magnetism in Ordered and Disordered Low-Dimensional Nanoparticle Assemblies},
journal = {Scientific Reports},
year = 2013,
volume = 3,
number = 1234,
pages = {1-5},
doi = {10.1038/srep01234},
}
@book{AlsNielsen_2011_Eleme,
	author       = {Jens Als-Nielsen and Des McMorrow},
	title        = {Elements of Modern X-ray Physics},
	publisher    = {John Wiley \& Sons, Inc.},
	date         = {2011},
  edition      = {2}
}
@book{Jackson_1999_Class,
	author       = {John David Jackson},
	title        = {Classical Electrodynamics},
	publisher    = {John Wiley \& Sons, Inc.},
	date         = {1999},
  edition      = {3}
}